%% This BibTeX bibliography file was created using BibDesk.
%% http://bibdesk.sourceforge.net/


%% Created for ma at 2017-08-24 13:06:48 +0200


%% Saved with string encoding Unicode (UTF-8)

% ref for word2vec

% Introduction

@article{fries2021ontology,
  title={Ontology-driven weak supervision for clinical entity classification in electronic health records},
  author={Fries, Jason A and Steinberg, Ethan and Khattar, Saelig and Fleming, Scott L and Posada, Jose and Callahan, Alison and Shah, Nigam H},
  journal={Nat. Commun},
  volume={12},
  number={1},
  pages={1--11},
  year={2021},
  publisher={Nature Publishing Group}
}


@article{dhrangadhariya2023not,
  title={Not so weak {PICO}: leveraging weak supervision for participants, interventions, and outcomes recognition for systematic review automation},
  author={Dhrangadhariya, Anjani and M{\"u}ller, Henning},
  journal={JAMIA open},
  volume={6},
  number={1},
  pages={ooac107},
  year={2023},
  publisher={Oxford University Press}
}


@inproceedings{nye2018corpus,
  title={A corpus with multi-level annotations of patients, interventions and outcomes to support language processing for medical literature},
  author={Nye, Benjamin and Li, Junyi Jessy and Patel, Roma and Yang, Yinfei and Marshall, Iain J and Nenkova, Ani and Wallace, Byron C},
  booktitle={Proceedings of the conference. Association for Computational Linguistics. Meeting},
  volume={2018},
  pages={197},
  year={2018},
  organization={NIH Public Access}
}



@article{methley2014pico,
  title={{PICO}, {PICOS} and {SPIDER}: a comparison study of specificity and sensitivity in three search tools for qualitative systematic reviews},
  author={Methley, Abigail M and Campbell, Stephen and Chew-Graham, Carolyn and McNally, Rosalind and Cheraghi-Sohi, Sudeh},
  journal={BMC Health Serv Res},
  volume={14},
  number={1},
  pages={1--10},
  year={2014},
  publisher={BioMed Central}
}


@inproceedings{deleger2012building,
  title={Building gold standard corpora for medical natural language processing tasks},
  author={Deleger, Louise and Li, Qi and Lingren, Todd and Kaiser, Megan and Molnar, Katalin and Stoutenborough, Laura and Kouril, Michal and Marsolo, Keith and Solti, Imre and others},
  booktitle={AMIA Annual Symposium Proceedings},
  volume={2012},
  pages={144},
  year={2012},
  organization={American Medical Informatics Association}
}

@inproceedings{lin2021cto,
  title={CTO: A community-based clinical trial ontology and its applications in PubChemRDF and SCAIView},
  author={Lin, Asiyah Yu and Gebel, Stephan and Li, Qingliang Leon and Madan, Sumit and Darms, Johannes and Bolton, Evan and Smith, Barry and Hofmann-Apitius, Martin and He, Yongqun Oliver and Kodamullil, Alpha Tom},
  booktitle={CEUR workshop proceedings},
  volume={2807},
  year={2020},
  organization={NIH Public Access}
}

@article{humphreys1998unified,
  title={The unified medical language system: an informatics research collaboration},
  author={Humphreys, Betsy L and Lindberg, Donald AB and Schoolman, Harold M and Barnett, G Octo},
  journal={J Am Med Inform Assoc},
  volume={5},
  number={1},
  pages={1--11},
  year={1998},
  publisher={BMJ Group BMA House, Tavistock Square, London, WC1H 9JR}
}



